<record><leader>00000cas a22000007a 4500</leader><controlfield tag="001">10969497</controlfield><controlfield tag="008">840720d19841985mnuwr ne      0   a0eng d</controlfield><datafield ind1=" " ind2=" " tag="010"><subfield code="a">sn 84007638 </subfield></datafield><datafield ind1=" " ind2=" " tag="040"><subfield code="a">NSD</subfield><subfield code="b">eng</subfield><subfield code="c">NSD</subfield><subfield code="d">MN#</subfield><subfield code="d">OCLCQ</subfield><subfield code="d">OCLCO</subfield></datafield><datafield ind1=" " ind2=" " tag="012"><subfield code="j">1</subfield><subfield code="m">d</subfield></datafield><datafield ind1="1" ind2=" " tag="022"><subfield code="a">8750-0949</subfield><subfield code="l">8750-0949</subfield><subfield code="2">1</subfield></datafield><datafield ind1=" " ind2=" " tag="042"><subfield code="a">nsdp</subfield></datafield><datafield ind1=" " ind2=" " tag="043"><subfield code="a">n-us-mn</subfield></datafield><datafield ind1=" " ind2=" " tag="052"><subfield code="a">4144</subfield><subfield code="b">G28</subfield><subfield code="b">S88</subfield></datafield><datafield ind1=" " ind2=" " tag="052"><subfield code="a">4143</subfield><subfield code="b">S5</subfield><subfield code="b">M2</subfield></datafield><datafield ind1=" " ind2="4" tag="222"><subfield code="a">The Gazette &amp; tribune</subfield></datafield><datafield ind1="0" ind2="4" tag="245"><subfield code="a">The gazette &amp; tribune.</subfield></datafield><datafield ind1="3" ind2="0" tag="246"><subfield code="a">Gazette and tribune</subfield></datafield><datafield ind1=" " ind2=" " tag="260"><subfield code="a">Gibbon, MN :</subfield><subfield code="b">Alan Morland,</subfield><subfield code="c">1984-1985.</subfield></datafield><datafield ind1=" " ind2=" " tag="310"><subfield code="a">Weekly</subfield></datafield><datafield ind1="0" ind2=" " tag="362"><subfield code="a">Vol. 1, no. 1 (July 5, 1984)-v. 1, no. 35 (Feb. 28, 1985).</subfield></datafield><datafield ind1=" " ind2=" " tag="530"><subfield code="a">Available on microfilm from the Minnesota Historical Society.</subfield></datafield><datafield ind1=" " ind2="0" tag="651"><subfield code="a">Gibbon (Minn.)</subfield><subfield code="v">Newspapers.</subfield></datafield><datafield ind1=" " ind2="0" tag="651"><subfield code="a">Stewart (Minn.)</subfield><subfield code="v">Newspapers.</subfield></datafield><datafield ind1=" " ind2=" " tag="752"><subfield code="a">United States</subfield><subfield code="b">Minnesota</subfield><subfield code="c">Sibley</subfield><subfield code="d">Gibbon.</subfield></datafield><datafield ind1=" " ind2=" " tag="752"><subfield code="a">United States</subfield><subfield code="b">Minnesota</subfield><subfield code="c">McLeod</subfield><subfield code="d">Stewart.</subfield></datafield><datafield ind1="0" ind2="4" tag="780"><subfield code="t">Gibbon gazette (Gibbon, Minn. : 1894)</subfield><subfield code="w">(DLC)sn 89064217</subfield><subfield code="w">(OCoLC)1751208</subfield></datafield><datafield ind1="0" ind2="4" tag="780"><subfield code="t">Stewart tribune</subfield><subfield code="x">0746-3200</subfield><subfield code="w">(OCoLC)1640214</subfield></datafield><datafield ind1="0" ind2="0" tag="785"><subfield code="t">Gazette (Gibbon, Minn.)</subfield><subfield code="x">0883-8739</subfield><subfield code="w">(DLC)sn 85009923</subfield><subfield code="w">(OCoLC)12293175</subfield></datafield><datafield ind1=" " ind2=" " tag="936"><subfield code="a">July 5, 1984</subfield></datafield></record>